{1:F01BANKBEBBAXXX0000000000}{2:O9401200230615BANKBEBBAXXX00000000002306151200N}{3:{108:MT940REF}}{4:
:20:STMT-REF-001
:25:NL91ABNA0417164300
:28C:1/1
:60F:C230614EUR10000,00
:61:2306150615DN1000,50NTRFREF103-001//INSTREF001
:86:Payment to supplier
:61:2306150615CR2500,00NMSCREF940-001
:86:Incoming transfer
:62F:C230615EUR11499,50
:64:C230615EUR11499,50
-}{5:{CHK:GHI12345678}}